%% Online convex optimization
@article{Besbes2015Nonstationary,
       title={Non-Stationary Stochastic Optimization},
       journal={Operations Research},
       publisher={Institute for Operations Research and the Management Sciences (INFORMS)},
       author={Besbes, Omar and Gur, Yonatan and Zeevi, Assaf},
       year={2015}
}
   
@inproceedings{Zinkevich2003OnlineCP,
    title={Online Convex Programming and Generalized Infinitesimal Gradient Ascent},
    author={Martin A. Zinkevich},
    booktitle={ICML},
    year={2003}
}

% minimax lower bound
@inproceedings{Abernethy2008OptimalSA,
  title={Optimal Strategies and Minimax Lower Bounds for Online Convex Games},
  author={Jacob D. Abernethy and Peter L. Bartlett and Alexander Rakhlin and Ambuj Tewari},
  booktitle={COLT},
  year={2008}
}

% universal portfolio selection algorithm
@inproceedings{Cover1996UniversalP,
  title={Universal Portfolios},
  author={Thomas M. Cover},
  year={1996}
}

% general problem setting
@book{CesaBianchi2006PredictionLA,
  title={Prediction, learning, and games},
  author={Nicol{\`o} Cesa-Bianchi and G{\'a}bor Lugosi},
  publisher={Cambridge University Press},
  year={2006}
}

% convex optimization textbook
@book{Boyd2004ConvexO,
  title={Convex Optimization},
  author={Stephen P. Boyd and Lieven Vandenberghe},
  year={2004},
  publisher={Cambridge University Press}
}

% online learning monograph
@article{Orabona2019OnlineLearning, 
  author    = {Francesco Orabona},
  title     = {A Modern Introduction to Online Learning},
  journal   = {CoRR},
  year      = {2019}
}

% MAB - worst case d-regret
@inproceedings{Karnin2016MultiarmedBC,
  title={Multi-armed Bandits: Competing with Optimal Sequences},
  author={Zohar S. Karnin and Oren Anava},
  booktitle={NIPS},
  year={2016}
}

@article{Whittle1988Restless, 
    title={Restless bandits: activity allocation in a changing world}, 
    volume={25}, 
    journal={Journal of Applied Probability}, 
    publisher={Cambridge University Press}, 
    author={Whittle, P.}, 
    year={1988}, 
    pages={287â€“298}
}

%ADER algorithm, lower bound 
@inproceedings{Zhang2018AdaptiveOL,
  title={Adaptive Online Learning in Dynamic Environments},
  author={Lijun Zhang and Shiyin Lu and Zhi-Hua Zhou},
  booktitle={NeurIPS},
  year={2018}
}

% dynamic bounded above by adaptive
@inproceedings{Zhang2018DynamicRO,
  title={Dynamic Regret of Strongly Adaptive Methods},
  author={Lijun Zhang and Tianbao Yang and Rong Jin and Zhi-Hua Zhou},
  booktitle={ICML},
  year={2018}
}

%bandit CO
@article{Zhao2020BanditCO,
  title={Bandit Convex Optimization in Non-stationary Environments},
  author={Peng Zhao and G. Wang and Lijun Zhang and Zhi-Hua Zhou},
  journal={ArXiv},
  year={2020},
  volume={abs/1907.12340}
}

% monograph - online learning
@article{Orabona2019AMI,
  title={A Modern Introduction to Online Learning},
  author={Francesco Orabona},
  journal={ArXiv},
  year={2019},
  volume={abs/1912.13213}
}

% mirror descent
@article{Yudin1983Mirror,
    title={Problem Complexity and Method Efficiency in Optimization},
    author={Arkadij Semenovic Nemirovskij and David Borisovich Yudin},
    year={1983}
}

% online mirror descent
@article{Beck2003MirrorDA,
  title={Mirror descent and nonlinear projected subgradient methods for convex optimization},
  author={Amir Beck and Marc Teboulle},
  journal={Oper. Res. Lett.},
  year={2003},
  volume={31},
  pages={167-175}
}

% another monograph
@inproceedings{ShalevShwartz2007OnlineLT,
  title={Online Learning: Theory, Algorithms, and Applications},
  author={Shai Shalev-Shwartz},
  year={2007}
}

% adaptive regret 1
@article{Hazan2007AdaptiveAF,
  title={Adaptive Algorithms for Online Decision Problems},
  author={Elad Hazan and Seshadhri Comandur},
  journal={Electron. Colloquium Comput. Complex.},
  year={2007},
  volume={14}
}

% adaptive regret 2
@inproceedings{Hazan2009EfficientLA,
  title={Efficient learning algorithms for changing environments},
  author={Elad Hazan and Seshadhri Comandur},
  booktitle={ICML '09},
  year={2009}
}

% adaptive regret (strong) 
@inproceedings{Daniely2015StronglyAO,
  title={Strongly Adaptive Online Learning},
  author={Amit Daniely and Alon Gonen and Shai Shalev-Shwartz},
  booktitle={ICML},
  year={2015}
}

% functional variation + gradient variation + path length variation, worst-case lower bound
@article{Jadbabaie2015OnlineO,
  title={Online Optimization : Competing with Dynamic Comparators},
  author={Ali Jadbabaie and Alexander Rakhlin and Shahin Shahrampour and Karthik Sridharan},
  journal={ArXiv},
  year={2015},
  volume={abs/1501.06225}
}

% worst-case lower bound
@inproceedings{Yang2016TrackingSM,
  title={Tracking Slowly Moving Clairvoyant: Optimal Dynamic Regret of Online Learning with True and Noisy Gradient},
  author={Tianbao Yang and Lijun Zhang and Rong Jin and Jinfeng Yi},
  booktitle={ICML},
  year={2016}
}

% gradient variation
@inproceedings{Chiang2013BeatingBI,
  title={Beating Bandits in Gradually Evolving Worlds},
  author={Chao-Kai Chiang and Chia-Jung Lee and Chi-Jen Lu},
  booktitle={COLT},
  year={2013}
}

% Exponentiated Gradient
@inproceedings{Freund1997DecisionTG,
    title={A Decision-theoretic Generalization of On-line Learning and an Application to Boosting},
    author={Yoav Freund and Robert E. Schapire},
    booktitle={Journal of Computer and System Sciences},
    year={1997}
}

% Exponentiated Gradient 2
@inproceedings{Littlestone1994WeightedMA,
    title={The Weighted Majority Algorithm},
    author={Nick Littlestone and Manfred K. Warmuth},
    booktitle={Information and Computation},
    year={1994}
}

% minimax
@inproceedings{Sridharan2010ConvexGI,
  title={Convex Games in Banach Spaces},
  author={Karthik Sridharan and Ambuj Tewari},
  booktitle={COLT},
  year={2010}
}

% convex analysis
@inproceedings{Bauschke2011ConvexAA,
  title={Convex Analysis and Monotone Operator Theory in Hilbert Spaces},
  author={Heinz H. Bauschke and Patrick L. Combettes},
  booktitle={CMS Books in Mathematics},
  year={2011}
}

% convex analysis
@inproceedings{Rockafellar1970Convex,
    title={Convex Analysis},
    author={R. T. Rockafellar},
    booktitle={Princeton University Press},
    year={1970}
}

% probability theory 
@book{Williams1991Probability,
  title={Probability with Martingales},
  author={David Williams},
  year={1991},
  publisher={Cambridge University Press}
}

% analysis
@book{Royden2010Real,
    title={Real Analysis},
    author={H. L. Royden and P. M. Fitzpatrick},
    year={2010},
    publisher={Prentice Hall}
}

% tracking regret
@inproceedings{Herbster1995TrackingTB,
  title={Tracking the Best Expert},
  author={Mark Herbster and Manfred K. Warmuth},
  booktitle={ICML},
  year={1995}
}

% metagrad
@article{Erven2021MetaGradAU,
  title={MetaGrad: Adaptation using Multiple Learning Rates in Online Learning},
  author={Tim van Erven and Wouter M. Koolen and Dirk van der Hoeven},
  journal={J. Mach. Learn. Res.},
  year={2021},
  volume={22},
  pages={161:1-161:61}
}

% exponentiated gradient
@article{Kivinen1997ExponentiatedGV,
  title={Exponentiated Gradient Versus Gradient Descent for Linear Predictors},
  author={Jyrki Kivinen and Manfred K. Warmuth},
  journal={Inf. Comput.},
  year={1997},
  volume={132},
  pages={1-63}
}

@article{Auer1995GamblingIA,
  title={Gambling in a rigged casino: The adversarial multi-armed bandit problem},
  author={Peter Auer and Nicol{\`o} Cesa-Bianchi and Yoav Freund and Robert E. Schapire},
  journal={Proceedings of IEEE 36th Annual Foundations of Computer Science},
  year={1995},
  pages={322-331}
}

% fixed share
@inproceedings{CesaBianchi2012MirrorDM,
  title={Mirror Descent Meets Fixed Share (and feels no regret)},
  author={Nicol{\`o} Cesa-Bianchi and Pierre Gaillard and G{\'a}bor Lugosi and Gilles Stoltz},
  booktitle={NIPS},
  year={2012}
}

@inproceedings{Herbster2001Tracking,
    title={Tracking the Best Linear Predictor},
    author={M. Herbster and M. Warmuth},
    booktitle={JMLR},
    year={2001}
}

@inproceedings{Zhao2020DynamicRO,
  title={Dynamic Regret of Convex and Smooth Functions},
  author={Peng Zhao and Yu-Jie Zhang and Lijun Zhang and Zhi-Hua Zhou},
  booktitle={Neurips},
  year={2020},
}